<?xml version="1.0" encoding="UTF-8"?>
<marc:collection xmlns:marc="http://www.loc.gov/MARC21/slim" xmlns:xsi="http://www.w3.org/2001/XMLSchema-instance" xsi:schemaLocation="http://www.loc.gov/MARC21/slim http://www.loc.gov/standards/marcxml/schema/MARC21slim.xsd">
   <marc:record type="Bibliographic">
      <marc:leader>01950cam a2200373 a 4500</marc:leader>
      <marc:controlfield tag="001">1040931</marc:controlfield>
      <marc:controlfield tag="003">NjP</marc:controlfield>
      <marc:controlfield tag="005">20131014152509.0</marc:controlfield>
      <marc:controlfield tag="008">960109s1988    ir       b    00010 ara d</marc:controlfield>
      <marc:datafield tag="024" ind1="7" ind2=" ">
         <marc:subfield code="a">princeton_aco000770</marc:subfield>
         <marc:subfield code="2">local</marc:subfield>
      </marc:datafield>
      <marc:datafield tag="035" ind1=" " ind2=" ">
         <marc:subfield code="a">(OCoLC)34437528</marc:subfield>
      </marc:datafield>
      <marc:datafield tag="035" ind1=" " ind2=" ">
         <marc:subfield code="a">(CStRLIN)NJPG96-B1095</marc:subfield>
      </marc:datafield>
      <marc:datafield tag="035" ind1=" " ind2=" ">
         <marc:subfield code="9">CCB7316TS</marc:subfield>
      </marc:datafield>
      <marc:datafield tag="040" ind1=" " ind2=" ">
         <marc:subfield code="a">NjP</marc:subfield>
         <marc:subfield code="c">NjP</marc:subfield>
      </marc:datafield>
      <marc:datafield tag="130" ind1="0" ind2=" ">
         <marc:subfield code="a">Miṣbāḥ al-anẓār</marc:subfield>
      </marc:datafield>
      <marc:datafield tag="245" ind1="0" ind2="0">
         <marc:subfield code="a">Kitāb Miṣbāḥ al-anẓār, aw, Miṣbāḥ al-akhbār :</marc:subfield>
         <marc:subfield code="b">al-maʻrūf bi-al-ʻĀlim wa-al-wāfid /</marc:subfield>
         <marc:subfield code="c">taḥqīq wa-nashr Muʾassasat al-Imām al-Mahdī ; [bi-ishrāf Muḥammad Bāqir najl al-Murtaḍá al-Muwaḥḥid al-Abṭaḥī]</marc:subfield>
      </marc:datafield>
      <marc:datafield tag="246" ind1="1" ind2="3">
         <marc:subfield code="a">Miṣbāḥ al-akhbār</marc:subfield>
      </marc:datafield>
      <marc:datafield tag="246" ind1="1" ind2="3">
         <marc:subfield code="a">ʻĀlim wa-al-wāfid</marc:subfield>
      </marc:datafield>
      <marc:datafield tag="246" ind1="1" ind2="4">
         <marc:subfield code="a">Kitāb Miṣbāḥ al-anẓār fī al-maʻārif wa-al-akhlāq</marc:subfield>
      </marc:datafield>
      <marc:datafield tag="246" ind1="1" ind2="0">
         <marc:subfield code="a">Miṣbāḥ al-anẓār fī al-maʻārif wa-al-akhlāq</marc:subfield>
      </marc:datafield>
      <marc:datafield tag="246" ind1="1" ind2="4">
         <marc:subfield code="a">Kitāb Khabar al-ʻālim wa-mā jará la-hu maʻa al-Imām ʻAlī ibn Abī Ṭālib, ʻalayhi al-salām</marc:subfield>
      </marc:datafield>
      <marc:datafield tag="246" ind1="1" ind2="0">
         <marc:subfield code="a">Khabar al-ʻālim wa-mā jará la-hu maʻa al-Imām ʻAlī ibn Abī Ṭālib, ʻalayhi al-salām</marc:subfield>
      </marc:datafield>
      <marc:datafield tag="250" ind1=" " ind2=" ">
         <marc:subfield code="a">al-Ṭabʻah 1.</marc:subfield>
      </marc:datafield>
      <marc:datafield tag="260" ind1=" " ind2=" ">
         <marc:subfield code="a">Qum :</marc:subfield>
         <marc:subfield code="b">Muʾassasat al-Imām al-Mahdī,</marc:subfield>
         <marc:subfield code="c">1409 [1988]</marc:subfield>
      </marc:datafield>
      <marc:datafield tag="300" ind1=" " ind2=" ">
         <marc:subfield code="a">72 p. ;</marc:subfield>
         <marc:subfield code="c">22 cm.</marc:subfield>
      </marc:datafield>
      <marc:datafield tag="490" ind1="0" ind2=" ">
         <marc:subfield code="a">Muʾassasat al-Imām al-Mahdī ;</marc:subfield>
         <marc:subfield code="v">37</marc:subfield>
      </marc:datafield>
      <marc:datafield tag="500" ind1=" " ind2=" ">
         <marc:subfield code="a">"Kitāb fīhi Khabar al-ʻālim wa-mā jará la-hu maʻa al-Imām al-humām ʻAlī ibn Abī Ṭālib, ʻalayhi al-ṣalāh wa-al-salām min ḥiwār bi-wasāṭat Qanbar"--P. [61]-67.</marc:subfield>
      </marc:datafield>
      <marc:datafield tag="504" ind1=" " ind2=" ">
         <marc:subfield code="a">Includes bibliographical references.</marc:subfield>
      </marc:datafield>
      <marc:datafield tag="650" ind1=" " ind2="0">
         <marc:subfield code="a">Islamic ethics.</marc:subfield>
      </marc:datafield>
      <marc:datafield tag="600" ind1="0" ind2="0">
         <marc:subfield code="a">ʻAlī ibn Abī Ṭālib,</marc:subfield>
         <marc:subfield code="c">Caliph,</marc:subfield>
         <marc:subfield code="d">approximately 600-661.</marc:subfield>
      </marc:datafield>
      <marc:datafield tag="700" ind1="0" ind2=" ">
         <marc:subfield code="a">ʻAlī ibn Abī Ṭālib,</marc:subfield>
         <marc:subfield code="c">Caliph,</marc:subfield>
         <marc:subfield code="d">approximately 600-661.</marc:subfield>
      </marc:datafield>
      <marc:datafield tag="700" ind1="2" ind2=" ">
         <marc:subfield code="a">Muwaḥḥidī Abṭaḥī, Muḥammad Bāqir.</marc:subfield>
      </marc:datafield>
      <marc:datafield tag="710" ind1="2" ind2=" ">
         <marc:subfield code="a">Muʾassasat al-Imām al-Mahdī.</marc:subfield>
      </marc:datafield>
      <marc:datafield tag="998" ind1=" " ind2=" ">
         <marc:subfield code="a">03/11/96</marc:subfield>
         <marc:subfield code="s">9114</marc:subfield>
         <marc:subfield code="n">NjP</marc:subfield>
         <marc:subfield code="w">NJPG96B1095</marc:subfield>
         <marc:subfield code="d">01/09/96</marc:subfield>
         <marc:subfield code="c">AAH</marc:subfield>
         <marc:subfield code="b">AAH</marc:subfield>
         <marc:subfield code="i">960311</marc:subfield>
         <marc:subfield code="l">NJPG</marc:subfield>
      </marc:datafield>
      <marc:datafield tag="911" ind1=" " ind2=" ">
         <marc:subfield code="a">19960321</marc:subfield>
      </marc:datafield>
      <marc:datafield tag="912" ind1=" " ind2=" ">
         <marc:subfield code="a">19960311000000.0</marc:subfield>
      </marc:datafield>
   </marc:record>
</marc:collection>
